@inproceedings{sentiment,
	title={Sentiment analyzer: Extracting sentiments about a given topic using natural language processing techniques},
	author={Yi, Jeonghee and Nasukawa, Tetsuya and Bunescu, Razvan and Niblack, Wayne},
	booktitle={Third IEEE international conference on data mining},
	pages={427--434},
	year={2003},
	organization={IEEE}
}
@inproceedings{pang,
	title={Thumbs up?: sentiment classification using machine learning techniques},
	author={Pang, Bo and Lee, Lillian and Vaithyanathan, Shivakumar},
	booktitle={Proceedings of the ACL-02 conference on Empirical methods in natural language processing-Volume 10},
	pages={79--86},
	year={2002},
	organization={Association for Computational Linguistics}
}
@article{mali,
	title={Subjective and Objective Classification Based on Emotional Features},
	author={Li Ma and Wei Ding and Pei Li and Yun Wang and others},
	journal={Journal of Xi'an University of Posts and Telecommunications},
	number={2017 年 04},
	pages={101--104},
	year={2017},
	publisher={Xi'an University of Posts and Telecommunications}
}
@article{prabowo,
	title={Sentiment analysis: A combined approach},
	author={Prabowo, Rudy and Thelwall, Mike},
	journal={Journal of Informetrics},
	volume={3},
	number={2},
	pages={143--157},
	year={2009},
	publisher={Elsevier}
}
@misc{fang,
	title={Incorporating lexicon knowledge into SVM learning to improve sentiment classification},
	author={Fang, Ji and Chen, Bi},
	year={2013},
	month=jan # "~8",
	publisher={Google Patents},
	note={US Patent 8,352,405}
}
@article{hinton,
	title={A fast learning algorithm for deep belief nets},
	author={Hinton, Geoffrey E and Osindero, Simon and Teh, Yee-Whye},
	journal={Neural computation},
	volume={18},
	number={7},
	pages={1527--1554},
	year={2006},
	publisher={MIT Press}
}
@article{lstm,
	author = {Hochreiter, Sepp and Schmidhuber, Jürgen},
	year = {1997},
	month = {12},
	pages = {1735-80},
	title = {Long Short-term Memory},
	volume = {9},
	journal = {Neural computation},
	doi = {10.1162/neco.1997.9.8.1735}
}
@article{gru,
	title={Learning phrase representations using RNN encoder-decoder for statistical machine translation},
	author={Cho, Kyunghyun and Van Merri{\"e}nboer, Bart and Gulcehre, Caglar and Bahdanau, Dzmitry and Bougares, Fethi and Schwenk, Holger and Bengio, Yoshua},
	journal={arXiv preprint arXiv:1406.1078},
	year={2014}
}
@article{cnn,
	title={Backpropagation applied to handwritten zip code recognition},
	author={LeCun, Yann and Boser, Bernhard and Denker, John S and Henderson, Donnie and Howard, Richard E and Hubbard, Wayne and Jackel, Lawrence D},
	journal={Neural computation},
	volume={1},
	number={4},
	pages={541--551},
	year={1989},
	publisher={MIT Press}
}
@inproceedings{transfomer,
	title={Spatial transformer networks},
	author={Jaderberg, Max and Simonyan, Karen and Zisserman, Andrew and others},
	booktitle={Advances in neural information processing systems},
	pages={2017--2025},
	year={2015}
}
@article{nnlm,
	title={A neural probabilistic language model},
	author={Bengio, Yoshua and Ducharme, R{\'e}jean and Vincent, Pascal and Jauvin, Christian},
	journal={Journal of machine learning research},
	volume={3},
	number={Feb},
	pages={1137--1155},
	year={2003}
}
@inproceedings{distributed-representations,
	title={Learning distributed representations of concepts},
	author={Hinton, Geoffrey E and others},
	booktitle={Proceedings of the eighth annual conference of the cognitive science society},
	volume={1},
	pages={12},
	year={1986},
	organization={Amherst, MA}
}
@inproceedings{glove,
	title={Glove: Global vectors for word representation},
	author={Pennington, Jeffrey and Socher, Richard and Manning, Christopher},
	booktitle={Proceedings of the 2014 conference on empirical methods in natural language processing (EMNLP)},
	pages={1532--1543},
	year={2014}
}
@article{elmo,
	title={Deep contextualized word representations},
	author={Peters, Matthew E and Neumann, Mark and Iyyer, Mohit and Gardner, Matt and Clark, Christopher and Lee, Kenton and Zettlemoyer, Luke},
	journal={arXiv preprint arXiv:1802.05365},
	year={2018}
}
@article{gpt,
	title={Improving language understanding by generative pre-training},
	author={Radford, Alec and Narasimhan, Karthik and Salimans, Tim and Sutskever, Ilya},
	journal={URL https://s3-us-west-2. amazonaws. com/openai-assets/researchcovers/languageunsupervised/language understanding paper. pdf},
	year={2018}
}
@article{bert,
	title={Bert: Pre-training of deep bidirectional transformers for language understanding},
	author={Devlin, Jacob and Chang, Ming-Wei and Lee, Kenton and Toutanova, Kristina},
	journal={arXiv preprint arXiv:1810.04805},
	year={2018}
}
@inproceedings{socher,
	title={Semantic compositionality through recursive matrix-vector spaces},
	author={Socher, Richard and Huval, Brody and Manning, Christopher D and Ng, Andrew Y},
	booktitle={Proceedings of the 2012 joint conference on empirical methods in natural language processing and computational natural language learning},
	pages={1201--1211},
	year={2012},
	organization={Association for Computational Linguistics}
}
@article{kim,
	title={Convolutional neural networks for sentence classification},
	author={Kim, Yoon},
	journal={arXiv preprint arXiv:1408.5882},
	year={2014}
}
@article{kalchbrenner,
	title={A convolutional neural network for modelling sentences},
	author={Kalchbrenner, Nal and Grefenstette, Edward and Blunsom, Phil},
	journal={arXiv preprint arXiv:1404.2188},
	year={2014}
}
@inproceedings{sa-lstm,
	title={Long short-term memory over recursive structures},
	author={Zhu, Xiaodan and Sobihani, Parinaz and Guo, Hongyu},
	booktitle={International Conference on Machine Learning},
	pages={1604--1612},
	year={2015}
}
@inproceedings{rnn-cnn,
	title={Research on Chinese Micro-Blog Sentiment Analysis Based on Deep Learning},
	author={Yanmei, Liu and Yuda, Chen},
	booktitle={2015 8th International Symposium on Computational Intelligence and Design (ISCID)},
	volume={1},
	pages={358--361},
	year={2015},
	organization={IEEE}
}
@article{giatsoglou,
	title={Sentiment analysis leveraging emotions and word embeddings},
	author={Giatsoglou, Maria and Vozalis, Manolis G and Diamantaras, Konstantinos and Vakali, Athena and Sarigiannidis, George and Chatzisavvas, Konstantinos Ch},
	journal={Expert Systems with Applications},
	volume={69},
	pages={214--224},
	year={2017},
	publisher={Elsevier}
}
@article{liangbin,
	title={Aspect-based sentiment analysis based on multi-attention CNN},
	author={Liang, Bin and Liu, Q and Xu, J and Zhou, Q and Zhang, P},
	journal={Journal of Computer Research and Development. Chinese},
	volume={54},
	number={8},
	pages={1724--1735},
	year={2017}
}